%%% ====================================================================
%%%  BibTeX-file{
%%%     author          = "Gregor von Laszewski",
%%%     version         = "1.2",
%%%     date            = "July 2019",
%%% ====================================================================


%We have user guide:
%https://cloudmesh.github.io/cloudmesh-comet/comet.html#comet-userguide
%And CLI ref doc:
%https://cloudmesh.github.io/cloudmesh-comet/command_comet.html#comet-command

%Both linked from this page:


@Misc{cloudmesh-comet-manual,
author = {von Laszewski, Gregor and Fugang Wang},
title = {Comet Virtual Cluster Manual},
url = {https://cloudmesh.github.io/cloudmesh-comet/}
}

@Misc{nist-virtual-cluster-spec,
author = {von Laszewski, Gregor and Fugang Wang},
title = {Virtual Cluster Specification},
url = {https://github.com/cloudmesh/cloudmesh-nist/blob/master/spec/virtualcluster.yaml}
}

@Misc{nist-node-spec,
author = {von Laszewski, Gregor and Fugang Wang},
title = {Virtual Cluster Node Specification},
url = {https://github.com/cloudmesh/cloudmesh-nist/blob/master/spec/node.yaml}
}

@Misc{nist-nic-spec,
author = {von Laszewski, Gregor and Fugang Wang},
title = {Virtual Cluster Network Interface Card Specification},
url = {https://github.com/cloudmesh/cloudmesh-nist/blob/master/spec/nic.yaml}
}


@inproceedings{comet17tails,
 author = {Strande, Shawn M. and Cai, Haisong and Cooper, Trevor and Flammer, Karen and Irving, Christopher and von Laszewski, Gregor and Majumdar, Amit and Mishin, Dmistry and Papadopoulos, Philip and Pfeiffer, Wayne and Sinkovits, Robert S. and Tatineni, Mahidhar and Wagner, Rick and Wang, Fugang and Wilkins-Diehr, Nancy and Wolter, Nicole and Norman, Michael L.},
 title = {Comet: Tales from the Long Tail: Two Years In and 10,000 Users Later},
 booktitle = {Proceedings of the Practice and Experience in Advanced Research Computing 2017 on Sustainability, Success and Impact},
 series = {PEARC17},
 year = {2017},
 isbn = {978-1-4503-5272-7},
 location = {New Orleans, LA, USA},
 pages = {38:1--38:7},
 articleno = {38},
 numpages = {7},
 url = {http://doi.acm.org/10.1145/3093338.3093383},
 doi = {10.1145/3093338.3093383},
 acmid = {3093383},
 publisher = {ACM},
 address = {New York, NY, USA},
 keywords = {GPU, High performance computing, high throughput computing, parallel file system, science gateways, scientific applications, solid-state drive, user support, virtualization},
} 


@TechReport{www-vol8-v3,
  author =	 {{W. L. Chang (Co-Chair), G. von Laszewski (Editor),
                  and NIST Big Data Public Working Group}},
  title =	 {{NIST Big Data Interoperability Framework: Volume 8,
                  Big Data Reference Architecture Interfaces (NIST SP
                  1500-9 VERSION 2)}},
  month =	 jul,
  year =	 2019,
  url = {https://github.com/cloudmesh/cloudmesh-nist/blob/master/docs/nistvol8-2.pdf},
  address =	 {Gaithersburg, MD},
  institution =	 {National Institute of Standards and Technology
                  (NIST)},
}
%  url =		 {https://bigdatawg.nist.gov/show_InputDoc.php},


@TechReport{nih-security-best-practice,
  author = 	 {{NIH}},
  title = 	 {NIH Security Best Practices for Controlled-Access Data
Subject to the NIH Genomic Data Sharing (GDS) Policy},
  institution =  {NIH},
  year = 	 {2019},
  OPTkey = 	 {},
  OPTtype = 	 {},
  OPTnumber = 	 {},
  OPTaddress = 	 {},
  OPTmonth = 	 {},
  OPTnote = 	 {},
  OPTannote = 	 {},
  url = {https://osp.od.nih.gov/wp-content/uploads/NIH_Best_Practices_for_Controlled-Access_Data_Subject_to_the_NIH_GDS_Policy.pdf}
}

@Misc{dbgap-access,
  OPTkey = 	 {},
  author = 	 {{NIH}},
  title = 	 {Requesting Access to Controlled-Access Data Maintained in NIH-Designated Data Repositories (e.g., dbGaP)},
  OPThowpublished = {},
  OPTmonth = 	 {},
  OPTyear = 	 {},
  OPTnote = 	 {},
  OPTannote = 	 {},
  url= {https://osp.od.nih.gov/scientific-sharing/requesting-access-to-controlled-access-data-maintained-in-nih-designated-data-repositories-e-g-dbgap/}
}

@inproceedings{las18impact,
 author = {Wang, Fugang and Laszewski, Gregor von and Whitson, Timothy and Fox, Geoffrey C. and Furlani, Thomas R. and DeLeon, Robert L. and Gallo, Steven M.},
 title = {Evaluating the Scientific Impact of XSEDE},
 booktitle = {Proceedings of the Practice and Experience on Advanced Research Computing},
 series = {PEARC '18},
 year = {2018},
 isbn = {978-1-4503-6446-1},
 location = {Pittsburgh, PA, USA},
 pages = {10:1--10:8},
 articleno = {10},
 numpages = {8},
 url = {http://doi.acm.org/10.1145/3219104.3219124},
 doi = {10.1145/3219104.3219124},
 acmid = {3219124},
 publisher = {ACM},
 address = {New York, NY, USA},
 keywords = {Scientific impact, Technology Audit Service, XDMoD, XSEDE, bibliometrics, h-index},
} 


@inproceedings{comet-vc,
 author = {Wagner, Rick and Papadopoulos, Philip and Mishin, Dmitry and Cooper, Trevor and Tatineti, Mahidhar and von Laszewski, Gregor and Wang, Fugang and Fox, Geoffrey C.},
 title = {User Managed Virtual Clusters in Comet},
 booktitle = {Proceedings of the XSEDE16 Conference on Diversity, Big Data, and Science at Scale},
 series = {XSEDE16},
 year = {2016},
 isbn = {978-1-4503-4755-6},
 location = {Miami, USA},
 pages = {24:1--24:8},
 articleno = {24},
 numpages = {8},
 url = {http://doi.acm.org/10.1145/2949550.2949555},
 doi = {10.1145/2949550.2949555},
 acmid = {2949555},
 publisher = {ACM},
 address = {New York, NY, USA},
 keywords = {Supercomputer, Virtual machine},
} 


@inproceedings{tas-view,
 author = {DeLeon, Robert L. and Furlani, Thomas R. and Gallo, Steven M. and White, Joseph P. and Jones, Matthew D. and Patra, Abani and Innus, Martins and Yearke, Thomas and Palmer, Jeffrey T. and Sperhac, Jeanette M. and Rathsam, Ryan and Simakov, Nikolay and von Laszewski, Gregor and Wang, Fugang},
 title = {TAS View of XSEDE Users and Usage},
 booktitle = {Proceedings of the 2015 XSEDE Conference: Scientific Advancements Enabled by Enhanced Cyberinfrastructure},
 series = {XSEDE '15},
 year = {2015},
 isbn = {978-1-4503-3720-5},
 location = {St. Louis, Missouri},
 pages = {21:1--21:8},
 articleno = {21},
 numpages = {8},
 url = {http://doi.acm.org/10.1145/2792745.2792766},
 doi = {10.1145/2792745.2792766},
 acmid = {2792766},
 publisher = {ACM},
 address = {New York, NY, USA},
 keywords = {HPC, SUPReMM, TAS, XDMoD, XSEDE usage, XSEDE users},
} 

@inproceedings{las14impact,
 author = {Wang, Fugang and von Laszewski, Gregor and Fox, Geoffrey C. and Furlani, Thomas R. and DeLeon, Robert L. and Gallo, Steven M.},
 title = {Towards a Scientific Impact Measuring Framework for Large Computing Facilities - a Case Study on XSEDE},
 booktitle = {Proceedings of the 2014 Annual Conference on Extreme Science and Engineering Discovery Environment},
 series = {XSEDE '14},
 year = {2014},
 isbn = {978-1-4503-2893-7},
 location = {Atlanta, GA, USA},
 pages = {25:1--25:8},
 articleno = {25},
 numpages = {8},
 url = {http://doi.acm.org/10.1145/2616498.2616507},
 doi = {10.1145/2616498.2616507},
 acmid = {2616507},
 publisher = {ACM},
 address = {New York, NY, USA},
 keywords = {Scientific impact, Technology Audit Service, XDMoD, XSEDE, bibliometric, h-index},
} 


@inproceedings{las-cloudmesh,
 author = {von Laszewski, Gregor and Wang, Fugang and Lee, Hyungro and Chen, Heng and Fox, Geoffrey C.},
 title = {Accessing Multiple Clouds with Cloudmesh},
 booktitle = {Proceedings of the 2014 ACM International Workshop on Software-defined Ecosystems},
 series = {BigSystem '14},
 year = {2014},
 isbn = {978-1-4503-2909-5},
 location = {Vancouver, BC, Canada},
 pages = {21--28},
 numpages = {8},
 url = {http://doi.acm.org/10.1145/2609441.2609638},
 doi = {10.1145/2609441.2609638},
 acmid = {2609638},
 publisher = {ACM},
 address = {New York, NY, USA},
 keywords = {cloud computing},
} 

@Misc{las-bookmanager,
author={Gregor von Laszewski},
title={Cyberaide Bookmanager},
howpublished={PyPi, GitHub},
url={https://pypi.org/project/cyberaide-bookmanager},
month=aug,
year=2019
}

@Misc{www-cloudmesh-manual,
author={Gregor von Laszewski},
title={Cloudmesh Manual},
howpublished={GitHub},
url={https://cloudmesh.github.io/cloudmesh-manual/},
month=aug,
year=2019,
}


@Misc{las-bigdata-class,
author={Geoffrey C. Fox and Gregor von Laszewski},
title={Big Data Applications},
howpublished={GitHub},
url={https://cloudmesh-community.github.io/book/vonLaszewski-big-data-applications.pdf},
month=aug,
year=2019,
}

@Misc{las-cloud,
author={Gregor von Laszewski},
title={Cloud Computing Engineering},
howpublished={GitHub},
url={https://cloudmesh-community.github.io/book/vonLaszewski-cloud.pdf},
month=aug,
year=2019,
}

@Misc{las-python,
author={Gregor von Laszewski},
title={Python for Cloud Computing},
howpublished={GitHub},
url={https://cloudmesh-community.github.io/book/vonLaszewski-python.pdf},
month=aug,
year=2019,
}
